@InBook{Hlavenka1995,
    title = {Nový výkladový slovník výpočetní techniky},
    author = {Jiří Hlavenka and kol.},
    edition = {2},
    publisher = {Computer Press},
    year = {1995},
    pages = {224},
    ISBN = {80-85896-13-3},
}

@InBook{Rybicka2003,
	author = {Jiří RYBIČKA},
	title = {LaTeX pro začátečníky},
	chapter = {Smíšená sazba},
	publisher = {Konvoj},
	address = {Brno},
	year = {2003},
	edition = {3},
	ISBN = {80-7302-049-1},
}

@InBook{Bringhurts1992,
    author = {Robert BRINGHURST},
    title = {The Elements of Typographic Style},
    chapter = {The Elements of Typographic Style},
    publisher = {Hartley and Marks Publishers},
    year = {1992},
    ISBN = {0-88179-206-3},
}

@MastersThesis{Uhlirova2016,
	author = {Martina UHLÍŘOVÁ},
	title = {Typografie web designu},
	school = {UNIVERZITA KARLOVA V PRAZE.Filozofická fakulta.Ústav informačních studií a knihovnictví},
	year = {2016},
	type = {Diplomová práce},
}

@MastersThesis{Jiricek2012,
	author = {Milan JIŘÍČEK},
	title = {Živý font},
	school = {VYSOKÉ UČENÍ TECHNICKÉ V BRNĚ.Fakulta elektrotechniky a komunikačních technologií.Ústav telekomunikací},
	year = {2012},
	type = {Diplomová práce},
}

@Msic{TimesWiki,
    title = {Times New Roman},
    author = {Wikipedia},
    howpublished = {[online]},
    year = {2022},
    url = {https://en.wikipedia.org/wiki/Times_New_Roman},       
}

@Misc{NYLib,
    title = {Where Did Times New Roman Come From?},
    author = {Meredith MANN},
    publisher = {New York Public Library},
    howpublished = {[online]},
    year = {2014},
    url = {https://www.nypl.org/blog/2014/12/09/times-new-roman},       
}

@Article{NYTimes2020,
    title = {These People Really Care About Fonts},
    author = {Fabrice ROBINET},
    year = {2020},
    journal = {The New York Times},
}